<record><leader>00000cas a22000007a 4500</leader><controlfield tag="001">31750918</controlfield><controlfield tag="008">941229d19451979okuwr n       0    0eng d</controlfield><datafield ind1=" " ind2=" " tag="010"><subfield code="a">sn 94061339 </subfield></datafield><datafield ind1=" " ind2=" " tag="040"><subfield code="a">OBN</subfield><subfield code="b">eng</subfield><subfield code="c">OBN</subfield><subfield code="d">OCL</subfield><subfield code="d">OCLCQ</subfield><subfield code="d">OCLCO</subfield></datafield><datafield ind1="1" ind2=" " tag="029"><subfield code="a">AU@</subfield><subfield code="b">000011501318</subfield></datafield><datafield ind1=" " ind2=" " tag="042"><subfield code="a">msc</subfield></datafield><datafield ind1=" " ind2=" " tag="043"><subfield code="a">n-us-ok</subfield></datafield><datafield ind1="0" ind2=" " tag="130"><subfield code="a">Lexington sun (Lexington, Okla. : 1945)</subfield></datafield><datafield ind1="1" ind2="4" tag="245"><subfield code="a">The Lexington sun.</subfield></datafield><datafield ind1=" " ind2=" " tag="260"><subfield code="a">Lexington, Okla. :</subfield><subfield code="b">John S. Gesford</subfield></datafield><datafield ind1=" " ind2=" " tag="300"><subfield code="a">v.</subfield></datafield><datafield ind1=" " ind2=" " tag="310"><subfield code="a">Weekly</subfield></datafield><datafield ind1="0" ind2=" " tag="362"><subfield code="a">Vol. 14, no. 42 (Aug. 9, 1945)-v. 41, no. 93 (July 12, 1979).</subfield></datafield><datafield ind1=" " ind2="0" tag="651"><subfield code="a">Lexington (Okla.)</subfield><subfield code="v">Newspapers.</subfield></datafield><datafield ind1=" " ind2="0" tag="651"><subfield code="a">Cleveland County (Okla.)</subfield><subfield code="v">Newspapers.</subfield></datafield><datafield ind1=" " ind2=" " tag="752"><subfield code="a">United States</subfield><subfield code="b">Oklahoma</subfield><subfield code="c">Cleveland</subfield><subfield code="d">Lexington.</subfield></datafield><datafield ind1="0" ind2="0" tag="780"><subfield code="t">Cleveland County rural news and the Lexington sun (Lexington, Okla. : 1944)</subfield><subfield code="w">(DLC)sn 94061337</subfield><subfield code="w">(OCoLC)31750884</subfield></datafield><datafield ind1="0" ind2="7" tag="785"><subfield code="t">Noble news</subfield><subfield code="w">(DLC)sn 94061338</subfield><subfield code="w">(OCoLC)31750905</subfield></datafield><datafield ind1="0" ind2="7" tag="785"><subfield code="t">Cleveland County reporter</subfield><subfield code="w">(DLC)sn 94061340</subfield><subfield code="w">(OCoLC)31750928</subfield></datafield></record>